@article{greenwade93,
    author  = "George D. Greenwade",
    title   = "The {C}omprehensive {T}ex {A}rchive {N}etwork ({CTAN})",
    year    = "1993",
    journal = "TUGBoat",
    volume  = "14",
    number  = "3",
    pages   = "342--351"
}

@article{bianchi, 
	author   = "G. Bianchi", 
	title    = "Performance analysis of the IEEE 802.11 distributed coordination function",
	journal  = {\it IEEE Journal on Selected Areas in Communications}, 
	volume   = "18", 
	number   = "3", 
	pages    = 535-547, 
	year     = "2000"
}

@article{felemban, 
	author   = "E. Felemban and E. Ekici", 
	title    = "Single Hop IEEE 802.11 DCF Analysis Revisited: Accurate Modeling of Channel Access Delay and Throughput for Saturated and Unsaturated Traffic Cases,",
	journal  = "IEEE Transactions on Wireless Communications", 
	volume   = "10", 
	number   = "10", 
	pages    = 3256-3266, 
	year     = "2011"
}

@article{smith, 
	author   = "E. Smith", 
	title    = "Global Broadband and WLAN (Wi-Fi) Networked Households Forecast 2009-2018",
	journal  = "Strategy Analytics", 
	year     = "2014"
}

@article{lui, 
	author   = "G. Lui, T. Gallagher, B. Li, A. G. Dempster and C. Rizos", 
	title    = "Differences in RSSI readings made by different Wi-Fi chipsets: A limitation of WLAN localization" ,
	year     = "2011",
	journal  = "International Conference on Localization and GNSS (ICL-GNSS)", 
	pages    = "53-57"
}
